<record><leader>00000cas a22000007a 4500</leader><controlfield tag="001">32802014</controlfield><controlfield tag="008">950712d18741875nyuwr ne      0    0eng d</controlfield><datafield ind1=" " ind2=" " tag="010"><subfield code="a">sn 95068559 </subfield></datafield><datafield ind1=" " ind2=" " tag="040"><subfield code="a">MGN</subfield><subfield code="b">eng</subfield><subfield code="c">MGN</subfield><subfield code="d">OCLCQ</subfield></datafield><datafield ind1=" " ind2=" " tag="042"><subfield code="a">msc</subfield></datafield><datafield ind1="0" ind2=" " tag="130"><subfield code="a">Sun (Rensselaer, N.Y. : 1874)</subfield></datafield><datafield ind1="1" ind2="4" tag="245"><subfield code="a">The Sun.</subfield></datafield><datafield ind1=" " ind2=" " tag="260"><subfield code="a">Bath-on-the-Hudson [Rensselaer], N.Y. :</subfield><subfield code="b">North Greenbush Pub. Co.</subfield></datafield><datafield ind1=" " ind2=" " tag="300"><subfield code="a">v.</subfield></datafield><datafield ind1=" " ind2=" " tag="310"><subfield code="a">Weekly</subfield></datafield><datafield ind1="1" ind2=" " tag="362"><subfield code="a">Began in 1874; ceased in 1875?</subfield></datafield><datafield ind1=" " ind2=" " tag="500"><subfield code="a">Editor: Frank Gibbons, &lt;1875&gt;.</subfield></datafield><datafield ind1=" " ind2=" " tag="588"><subfield code="a">Description based on: Vol. 1, no. 17 (Aug. 4, 1874).</subfield></datafield><datafield ind1="1" ind2=" " tag="700"><subfield code="a">Gibbons, Frank.</subfield></datafield><datafield ind1=" " ind2=" " tag="752"><subfield code="a">United States</subfield><subfield code="b">New York</subfield><subfield code="c">Rensselaer</subfield><subfield code="d">Bath-on-the-Hudson.</subfield></datafield><datafield ind1=" " ind2=" " tag="752"><subfield code="a">United States</subfield><subfield code="b">New York</subfield><subfield code="c">Rensselaer</subfield><subfield code="d">Rensselaer.</subfield></datafield></record>